<?xml version="1.0" encoding="UTF-8"?><collection xmlns="http://www.loc.gov/MARC21/slim"><record><leader>00569nam--2200181-i-4500</leader><controlfield tag="001">000046716</controlfield><controlfield tag="002">20161230</controlfield><controlfield tag="005">20170110224830</controlfield><controlfield tag="008">060222s1000------------r-----000-0-rum-d</controlfield><datafield ind1=" " ind2=" " tag="040"><subfield code="a">IFIN-HH</subfield></datafield><datafield ind1=" " ind2=" " tag="041"><subfield code="a">rum</subfield></datafield><datafield ind1=" " ind2=" " tag="080"><subfield code="a">539.12.162.8(043)</subfield></datafield><datafield ind1="1" ind2=" " tag="100"><subfield code="a">Vogel, Amelitta Marcela</subfield></datafield><datafield ind1="1" ind2="0" tag="245"><subfield code="a">Observatii asupra caracteristicilor particulelor lente (...) emise din interactiunile hadron-nucleu la energii inalte</subfield><subfield code="b">Teza</subfield><subfield code="c">Amelitta Marcela Vogel</subfield></datafield><datafield ind1=" " ind2=" " tag="260"><subfield code="a">Bucuresti</subfield><subfield code="b">Ifin</subfield><subfield code="c">1979</subfield></datafield><datafield ind1=" " ind2=" " tag="300"><subfield code="a">170 p. + 48 FIG</subfield></datafield><datafield ind1=" " ind2=" " tag="852"><subfield code="a">46687</subfield><subfield code="c">539.12</subfield></datafield><datafield ind1=" " ind2=" " tag="CAT"><subfield code="a">SYS</subfield><subfield code="c">20170110</subfield><subfield code="h">224830</subfield></datafield></record></collection>